{
  "leader": "02804cam a2200421 i 4500",
  "fields": [
    {
      "001": "ocm00488420\\"
    },
    {
      "003": "OCoLC"
    },
    {
      "005": "20220708141358.0"
    },
    {
      "008": "721017s1972\\\\\\\\nyue\\\\\\\\\\\\\\\\\\\\000\\0\\eng\\\\"
    },
    {
      "010": {
        "ind1": "\\",
        "ind2": "\\",
        "subfields": [
          {
            "a": "   72077002 "
          }
        ]
      }
    },
    {
      "040": {
        "ind1": "\\",
        "ind2": "\\",
        "subfields": [
          {
            "a": "DLC"
          },
          {
            "b": "eng"
          },
          {
            "c": "DLC"
          },
          {
            "d": "MUQ"
          },
          {
            "d": "BAKER"
          },
          {
            "d": "BTCTA"
          },
          {
            "d": "OCLCO"
          },
          {
            "d": "OCLCF"
          },
          {
            "d": "OCLCQ"
          },
          {
            "d": "YDXCP"
          },
          {
            "d": "WRM"
          },
          {
            "d": "EYB"
          },
          {
            "d": "EUM"
          },
          {
            "d": "OCLCO"
          }
        ]
      }
    },
    {
      "019": {
        "ind1": "\\",
        "ind2": "\\",
        "subfields": [
          {
            "a": "223229952"
          },
          {
            "a": "976860984"
          }
        ]
      }
    },
    {
      "020": {
        "ind1": "\\",
        "ind2": "\\",
        "subfields": [
          {
            "a": "0385081995"
          }
        ]
      }
    },
    {
      "020": {
        "ind1": "\\",
        "ind2": "\\",
        "subfields": [
          {
            "a": "9780385081993"
          }
        ]
      }
    },
    {
      "035": {
        "ind1": "\\",
        "ind2": "\\",
        "subfields": [
          {
            "a": "(OCoLC)488420"
          },
          {
            "z": "(OCoLC)223229952"
          },
          {
            "z": "(OCoLC)976860984"
          }
        ]
      }
    },
    {
      "043": {
        "ind1": "\\",
        "ind2": "\\",
        "subfields": [
          {
            "a": "n-us-ny"
          }
        ]
      }
    },
    {
      "050": {
        "ind1": "0",
        "ind2": "0",
        "subfields": [
          {
            "a": "HV9475.N716"
          },
          {
            "b": "O88"
          }
        ]
      }
    },
    {
      "082": {
        "ind1": "0",
        "ind2": "0",
        "subfields": [
          {
            "a": "365.974793"
          },
          {
            "b": "OSW"
          }
        ]
      }
    },
    {
      "100": {
        "ind1": "1",
        "ind2": "\\",
        "subfields": [
          {
            "a": "Oswald, Russell G."
          }
        ]
      }
    },
    {
      "245": {
        "ind1": "1",
        "ind2": "0",
        "subfields": [
          {
            "a": "Attica :"
          },
          {
            "b": "my story /"
          },
          {
            "c": "[by] Russell G. Oswald ; edited by Rodney Campbell."
          }
        ]
      }
    },
    {
      "250": {
        "ind1": "\\",
        "ind2": "\\",
        "subfields": [
          {
            "a": "[1st ed.]."
          }
        ]
      }
    },
    {
      "260": {
        "ind1": "\\",
        "ind2": "\\",
        "subfields": [
          {
            "a": "Garden City, N.Y. :"
          },
          {
            "b": "Doubleday,"
          },
          {
            "c": "1972."
          }
        ]
      }
    },
    {
      "300": {
        "ind1": "\\",
        "ind2": "\\",
        "subfields": [
          {
            "a": "x, 418 pages :"
          },
          {
            "b": "plan ;"
          },
          {
            "c": "22 cm"
          }
        ]
      }
    },
    {
      "336": {
        "ind1": "\\",
        "ind2": "\\",
        "subfields": [
          {
            "a": "text"
          },
          {
            "b": "txt"
          },
          {
            "2": "rdacontent"
          }
        ]
      }
    },
    {
      "337": {
        "ind1": "\\",
        "ind2": "\\",
        "subfields": [
          {
            "a": "unmediated"
          },
          {
            "b": "n"
          },
          {
            "2": "rdamedia"
          }
        ]
      }
    },
    {
      "338": {
        "ind1": "\\",
        "ind2": "\\",
        "subfields": [
          {
            "a": "volume"
          },
          {
            "b": "nc"
          },
          {
            "2": "rdacarrier"
          }
        ]
      }
    },
    {
      "505": {
        "ind1": "0",
        "ind2": "\\",
        "subfields": [
          {
            "a": "Part I. -- The Revolution that failed -- The rise of the militants -- How to take a maximum-security prison in thirty minutes -- My decision to negotiate -- Out of chaos came the Twenty-eight Points -- Part II. -- Wisconsin-Years of struggle -- \"With our imperfect knowledge of twisted minds\" -- Massachusetts: one damned crisis after another -- The cliff-hangers, the heartbreaks, the humane victories of parole -- The eve of the storm -- Part III. -- \"Let them give their agenda of death\" -- \"We want the Governor here, now!\" -- The Battle of Attica: attack-with minimal force -- The Battle of Attica II: victory-at a tragic cost -- Part IV. -- \"The state is guilty of murder!\" -- Three secret meetings -- On with prison reform -- Appendixes. -- Appendix A: Letters to the Commissioner from prisoners at Attica -- Appendix B: The hostages who died -- Appendix C: The hostages who survived -- Appendix D: The prisoners who died -- Appendix E: Members of the Citizens Observer Committee -- Appendix F: General Rules of Parole in New York State -- Appendix G: Report of the Goldman Panel Investigation of the Aftermath of Attica."
          }
        ]
      }
    },
    {
      "520": {
        "ind1": "\\",
        "ind2": "\\",
        "subfields": [
          {
            "a": "An account of the bloody riots at Attica State Prison, from the perspective of the Committee of the New York State Department of Correctional Services."
          }
        ]
      }
    },
    {
      "610": {
        "ind1": "2",
        "ind2": "0",
        "subfields": [
          {
            "a": "Attica Correctional Facility."
          }
        ]
      }
    },
    {
      "650": {
        "ind1": "\\",
        "ind2": "0",
        "subfields": [
          {
            "a": "Prison riots"
          },
          {
            "z": "New York (State)"
          },
          {
            "z": "Attica."
          }
        ]
      }
    },
    {
      "610": {
        "ind1": "2",
        "ind2": "7",
        "subfields": [
          {
            "a": "Attica Correctional Facility."
          },
          {
            "2": "fast"
          },
          {
            "0": "(OCoLC)fst00514939"
          }
        ]
      }
    },
    {
      "650": {
        "ind1": "\\",
        "ind2": "7",
        "subfields": [
          {
            "a": "Prison riots."
          },
          {
            "2": "fast"
          },
          {
            "0": "(OCoLC)fst01077075"
          }
        ]
      }
    },
    {
      "651": {
        "ind1": "\\",
        "ind2": "7",
        "subfields": [
          {
            "a": "New York (State)"
          },
          {
            "z": "Attica."
          },
          {
            "2": "fast"
          },
          {
            "0": "(OCoLC)fst01232509"
          }
        ]
      }
    },
    {
      "700": {
        "ind1": "1",
        "ind2": "\\",
        "subfields": [
          {
            "a": "Campbell, Rodney,"
          },
          {
            "e": "editor."
          }
        ]
      }
    },
    {
      "776": {
        "ind1": "0",
        "ind2": "8",
        "subfields": [
          {
            "i": "Online version:"
          },
          {
            "a": "Oswald, Russell G."
          },
          {
            "t": "Attica--my story."
          },
          {
            "b": "[1st ed.]."
          },
          {
            "d": "Garden City, N.Y., Doubleday, 1972"
          },
          {
            "w": "(OCoLC)574985903"
          }
        ]
      }
    },
    {
      "994": {
        "ind1": "\\",
        "ind2": "\\",
        "subfields": [
          {
            "a": "Z0"
          },
          {
            "b": "NYRVC"
          }
        ]
      }
    },
    {
      "948": {
        "ind1": "\\",
        "ind2": "\\",
        "subfields": [
          {
            "h": "NO HOLDINGS IN NYRVC - 636 OTHER HOLDINGS"
          }
        ]
      }
    },
    {
      "999": {
        "ind1": "\\",
        "ind2": "\\",
        "subfields": [
          {
            "a": "00000000013384"
          }
        ]
      }
    }
  ]
}